@article{moi:gul,
	author = {E. I. Moiseev and D. A. Gulyaev},
	title = {The completeness of the sines and cosines in the space of
	 integrable functions},
	journal = {Integral Transforms and Special Functions},
	volume = {29},
	number = {1},
	pages = {16-20},
	year  = {2018},
	publisher = {Taylor & Francis}
},
@article{dev:dis,
	author={Девдариани Г. Г.},
	title={Базисность некоторых специальных систем собственных 
		функций несамосопряженных дифференциальных операторов},
	journal={МГУ},
	year={1985}
},
@book{bateman,
  title={Higher transcendental functions},
  author={Bateman Manuscript Project and Bateman, H. and Erd{\'e}lyi, A.},
  number={т. 1},
  lccn={lc53005555},
  series={Higher Transcendental Functions},
  year={1953},
  publisher={McGraw-Hill}
},
@article{moi:dan,
	author={Моисеев Е. И.},
	title={ О базисности систем косинусов и синусов},
	journal = {Доклады АН СССР},
	volume = {275},
	number = {4},
	pages = {794-798},
	year  = {1984}
},
@book{kolm,
  title={Элементы теории функций и функционального анализа},
  author={А. Н. Колмогоров and С. В. Фомин},
  year={1989},
  publisher={Наука}
},

